@article{article,
author = {Brent, Richard},
year = {2004},
month = {07},
pages = {},
title = {Note on Marsaglia's Xorshift Random Number Generators},
volume = {11},
journal = {Journal of Statistical Software},
doi = {10.18637/jss.v011.i05}
}

@online{rand1,
  url = {https://www.random.org/randomness/}
 }

@online{rand2,
  url = {http://faculty.rhodes.edu/wetzel/random/intro.html}
 }

@book{book,
  author    = {Gregory J. Chaitin}, 
  title     = {Exploring Randomness},
  publisher = {Springer-Verlag London Ltd.},
  year      = 2001,
  isbn      = {978-1-4471-1085-9}
}

@online{rand3,
  url = {https://en.wikipedia.org/wiki/Pseudorandom_number_generator}
 }


@online{rand4,
  url = {https://en.wikipedia.org/wiki/Middle-square_method}
 }

@online{rand5,
  url = {http://sigurnost.zemris.fer.hr/random/2001_juric/}
 }

@mastersthesis{mastersthesis1,
  author       = {Maja Mendler}, 
  title        = {Generatori slučajnih brojeva i njihova primjena u kriptografskim sustavima},
  school       = {Sveučilišta J. J. Strossmayera u Osijeku},
  year         = 2015, 
  url	       = "https://repozitorij.etfos.hr/islandora/object/etfos%3A491/datastream/PDF/view"
}

@mastersthesis{mastersthesis2,
  author       = {Mario Skočić}, 
  title        = {Generiranje pseudoslučajnih brojeva i testovi slučajnosti},
  school       = {Sve\-uči\-li\-šte u Zagrebu},
  year         = 2017, 
  url	       = "https://repozitorij.pmf.unizg.hr/islandora/object/pmf%3A3861/datastream/PDF/view"
}


@booklet{booklet,
  title        = {Generiranje niza pseudoslučajnih brojeva},
  author       = {Igor Urbiha}, 
  howpublished = {Matematičko-fizički list, LXII2},
  year         = 2010,
  url          = "https://bib.irb.hr/datoteka/554519.MFL_2010-2011_2_Generiranje_niza_pseudoslucajnih_brojeva.pdf"
}

@online{rand6,
  url = {http://www.scholarpedia.org/article/Algorithmic_complexity}
 }









